%% This BibTeX bibliography file was created using BibDesk.
%% http://bibdesk.sourceforge.net/
%% Created for Ariel Meilij at 2017-10-11 21:36:39 -0500 
%% Saved with string encoding Unicode (UTF-8) 

@book{shaiShai,
	Address = {New York, USA},
	Author = {Shai Shalev-Shwartz and Shai Ben-David},
	Date-Added = {2017-10-12 02:22:56 +0000},
	Date-Modified = {2017-10-12 02:23:59 +0000},
	Publisher = {Cambridge University Press},
	Title = {Understanding Machine Learning},
	Year = {2014},
	}

@book{blumHopcroft,
	Address = {New York, USA},
	Author = {Avrim Blum and John Hopcroft and Ravindran Kannan},
	Date-Added = {2017-10-12 02:15:11 +0000},
	Date-Modified = {2017-10-12 02:17:12 +0000},
	Publisher = {Cornell University},
	Title = {Foundations of Data Science},
	Year = {2016},
    }
    
@book{efronHastie,
	Address = {Cambridge, USA},
	Author = {Bradley Efron and Trevor Hastie},
	Date-Added = {2017-10-12 02:11:09 +0000},
	Date-Modified = {2017-10-12 02:13:04 +0000},
	Publisher = {Cambridge University Press},
	Title = {Computer Age Statistical Inference},
	Year = {2016},
	}

@article{mercadoDerivados,
	Author = {Nathali Alvarado and Juan Robayo and Juan Moreno},
	Date-Added = {2017-10-12 01:37:20 +0000},
	Date-Modified = {2017-10-12 01:37:20 +0000},
	Journal = {Borradores de Economia},
	Keywords = {Derivados, cobertura cambiaria, devaluaci{\'o}n impl{\'\i}cita, forwards, opciones, paridad, riesgo cambiario.},
	Number = {860},
	Pages = {2-46},
	Title = {Caracterizaci{\'o}n del Mercado de Derivados Cambiarios en Colombia},
	Year = {2014},
	}

@techreport{futurosTRM,
	Author = {Nicolas Mayorga},
	Date-Added = {2017-10-12 01:37:20 +0000},
	Date-Modified = {2017-10-12 01:37:20 +0000},
	Institution = {Bolsa de Valores de Colombia},
	Title = {Futuros de TRM},
	Year = {2010},
	}

@article{rengifo,
	Author = {John Jairo Rengifo},
	Date-Added = {2017-10-12 01:37:20 +0000},
	Date-Modified = {2017-10-12 01:37:20 +0000},
	Journal = {Gestion y Desarrollo},
	Keywords = {Derivatives, futures, forward contracts, short position, long position.},
	Month = {July},
	Number = {2},
	Pages = {123-133},
	Title = {Registro Contable de Futuros y Contratos a Plazo},
	Volume = {6},
	Year = {2009},
	}

@article{bonanzaCrisis,
	Author = {Ligia Melo-Becerra and Enrique Ramos-Forero and Ligia Parrado-Galvis and H{\'e}ctor Zarate-Solano},
	Date-Added = {2017-10-12 01:37:20 +0000},
	Date-Modified = {2017-10-12 01:37:20 +0000},
	Journal = {Borradores de Economia},
	Keywords = {Petr{\'o}leo, Finanzas Publicas Colombia, PCT-VAR.},
	Number = {961},
	Pages = {1-32},
	Title = {Bonanza y Crisis Petrolera y su Efecto sobre la Economia Colombiana},
	Year = {2016},
	}

@manual{packageForecast,
	Address = {Melbourne Australia},
	Author = {Robert Hyndman},
	Date-Added = {2017-10-12 01:37:20 +0000},
	Date-Modified = {2017-10-12 01:37:20 +0000},
	Organization = {CRAN},
	Title = {Forecasting Functions for Time Series and Linear Models},
	Year = {2016},
	}

@article{grangerEngle,
	Author = {Robert Engle and Clive Granger},
	Date-Added = {2017-10-12 01:37:20 +0000},
	Date-Modified = {2017-10-12 01:37:20 +0000},
	Journal = {The Royal Swedish Academy of Sciences},
	Month = {October},
	Pages = {2-30},
	Title = {Time Series Econometrics: Cointegration and Autoregressive Conditional Heteroskedasticity},
	Year = {2003},
	}

@unpublished{theodosiouSwamy,
	Author = {Marina Theodosiou and Murali Swamy},
	Date-Added = {2017-10-12 01:37:20 +0000},
	Date-Modified = {2017-10-12 01:37:20 +0000},
	Note = {Imperial College of South Kensington, UK},
	Title = {A Hybrid Forecasting Approach: Structural Decomposition, Generalized Regression Neural Networks and Theta Method},
	}

@article{dickeyfuller,
	Author = {David Dickey and Wayne Fuller},
	Date-Added = {2017-10-12 01:37:20 +0000},
	Date-Modified = {2017-10-12 01:37:20 +0000},
	Journal = {Econometrica},
	Month = {July},
	Number = {4},
	Pages = {1057-1072},
	Title = {Likelihood Ratio Statistics for Autoregressive Time Series with a Unit Root},
	Volume = {49},
	Year = {1981},
	}

@article{yuWangLai,
	Author = {Lean Yu and Shouyang Wang and KK Lai},
	Date-Added = {2017-10-12 01:37:20 +0000},
	Date-Modified = {2017-10-12 01:37:20 +0000},
	Journal = {Computers and Operations Research},
	Number = {32},
	Pages = {2523-2541},
	Title = {A novel nonlinear ensemble forecasting model incorporating GLAR andANN for foreign exchange rates},
	Year = {2005},
}

@article{talebiHoang,
	Author = {Hossein Talebi and Winsor Hoang and Marina Gavrilova},
	Date-Added = {2017-10-12 01:37:20 +0000},
	Date-Modified = {2017-10-12 01:37:20 +0000},
	Journal = {Procedia Computer Science},
	Pages = {2065-2075},
	Title = {Multi-Scale Foreign Exchange Rates Ensemble for Classification of Trends in Forex Market},
	Volume = {29},
	Year = {2014},
}

@article{rehmanKhanMahmud,
	Author = {Mehreen Rehman and Gul Muhammad Khan and Sahibzada Mahmud},
	Booktitle = {2014 International Conference on Future Information Engineering},
	Date-Added = {2017-10-12 01:37:20 +0000},
	Date-Modified = {2017-10-12 01:37:20 +0000},
	Editor = {Elvesier},
	Journal = {IERI Procedia},
	Organization = {IERI Procedia},
	Pages = {239-244},
	Publisher = {Elvesier},
	Title = {Foreign Currency Exchange Rates Prediction using CGP and Recurrent Neural Network},
	Volume = {10},
	Year = {2014},
}

@unpublished{dietterich,
	Author = {Thomas Dietterich},
	Date-Added = {2017-10-12 01:37:20 +0000},
	Date-Modified = {2017-10-12 01:37:20 +0000},
	Note = {Oregon State University},
	Title = {Ensemble Methods in Machine Learning},
}

@article{popularEnsemble,
	Author = {David Opitz and Richard Maclin},
	Date-Added = {2017-10-12 01:37:20 +0000},
	Date-Modified = {2017-10-12 01:37:20 +0000},
	Journal = {Journal of Artificial Intelligence Research},
	Keywords = {ensemble methods},
	Pages = {169-198},
	Title = {Popular Ensemble Methods: An Empirical Study},
	Volume = {II},
	Year = {1999},
}

@book{daume,
	Address = {Maryland, USA},
	Author = {Hal Daume},
	Date-Added = {2017-10-12 01:37:20 +0000},
	Date-Modified = {2017-10-12 01:37:20 +0000},
	Publisher = {University of Maryland},
	Title = {A Course in Machine Learning},
	Year = {2013}}

@book{intoStats7,
	Address = {Willimantic, USA},
	Author = {Prem S. Mann and Christopher Jay Lacke},
	Date-Added = {2017-10-12 01:37:20 +0000},
	Date-Modified = {2017-10-12 01:37:20 +0000},
	Publisher = {Wiley},
	Title = {Introductory Statistics},
	Year = {2010},
}

@book{thinkStats,
	Address = {Massachusetts, USA},
	Author = {Allen B. Downey},
	Date-Added = {2017-10-12 01:37:20 +0000},
	Date-Modified = {2017-10-12 01:37:20 +0000},
	Publisher = {Green Tea Press},
	Title = {Think Stats},
	Year = {2014},
}

@book{yakir,
	Address = {Jerusalem, Israel},
	Author = {Benjamin Yakir},
	Date-Added = {2017-10-12 01:37:20 +0000},
	Date-Modified = {2017-10-12 01:37:20 +0000},
	Publisher = {The Hebrew University},
	Title = {Introduction to Statistical Thinking (With R, Without Calculus)},
	Year = {2011},
}

@book{experienciasExportadoras,
	Author = {Adolfo Meisel Roca and Joaquin Viloria de la Hoz and Jaime Bonet Mor{\'o}n and Mar{\'\i}a Aguilera Diaz},
	Date-Added = {2017-10-12 01:37:20 +0000},
	Date-Modified = {2017-10-12 01:37:20 +0000},
	Editor = {Adolfo Meisel Roca},
	Publisher = {Colecci{\'o}n de Econom{\'\i}a Regional},
	Title = {Experiencias Exportadoras del Caribe Colombiano},
	Year = {2002}}

@book{crisisCambiarias,
	Address = {Barranquilla, Colombia},
	Author = {Bernardo Bernardi Carriello},
	Date-Added = {2017-10-12 01:37:20 +0000},
	Date-Modified = {2017-10-12 01:37:20 +0000},
	Publisher = {Ediciones Uninorte},
	Title = {Crisis Cambiarias en Pa{\'\i}ses Emergentes},
	Year = {2010}}

@book{ecoCol,
	Address = {Bogot{\'a}, Colombia},
	Author = {Jaime Ramirez Plazas},
	Date-Added = {2017-10-12 01:37:20 +0000},
	Date-Modified = {2017-10-12 01:37:20 +0000},
	Publisher = {Libreria Ediciones del Profesional Ltda.},
	Title = {Economia Colombiana},
	Year = {2013}}

@book{cardenas,
	Address = {Bogot{\'a}, Colombia},
	Author = {Alfonso Ortega C{\'a}rdenas},
	Date-Added = {2017-10-12 01:37:20 +0000},
	Date-Modified = {2017-10-12 01:37:20 +0000},
	Publisher = {ECOE Ediciones},
	Title = {Econom{\'\i}a Colombiana 5ta Edici{\'o}n},
	Year = {2016}}

@book{hyndman,
	Address = {Melbourne Australia},
	Author = {Robert Hyndman and Gregory Athanasopoulos},
	Date-Added = {2017-10-12 01:37:20 +0000},
	Date-Modified = {2017-10-12 01:37:20 +0000},
	Publisher = {Otexts},
	Title = {Forecasting Principles and Practice},
	Year = {2014}}

@book{30seconds,
	Address = {New York, USA},
	Author = {Donald Marron and Adam Fishwick and Christakis Georgiou and Katie Huston and Aurélie Maréchal},
	Publisher = {Metro Books},
	Title = {30-Seconds Economics},
	Year = {2010}}

@book{hayashi,
	Address = {Kobe Japan},
	Author = {Chikio Hayashi and Keiji Yajima and Hans H. Bock and Noboru Ohsumi and Yutaka Tanaka and Yasumasa Baba},
	Date-Added = {2017-10-12 01:37:20 +0000},
	Date-Modified = {2017-10-12 01:37:20 +0000},
	Publisher = {Springer},
	Title = {Data Science, Classification, and Related Methods},
	Year = {1981},
}

@article{tukey,
	Author = {John Tukey},
	Date-Added = {2017-10-12 01:37:20 +0000},
	Date-Modified = {2017-10-12 01:37:20 +0000},
	Journal = {The Annals of Mathematical Statistics},
	Pages = {67},
	Title = {The Future of Data Analysis},
	Volume = {33},
	Year = {1962},
}

@article{kohaviProvost,
	Author = {Ron Kohavi and Foster Provost},
	Journal = {Machine Learning},
	Pages = {271},
	Title-274 = {Special Issue on Applications of Machine Learning and the Knowledge Discovery Process},
	Volume = {30},
	Year = {1998},
}

@book{naur,
	Address = {Lund Sweden},
	Author = {Peter Naur},
	Date-Added = {2017-10-12 01:37:20 +0000},
	Date-Modified = {2017-10-12 01:37:20 +0000},
	Publisher = {Petrocelli Charter},
	Rating = {4},
	Title = {Consice Survey of Computer Methods},
	Year = {1974},
}

@book{zumelMount,
	Address = {Shelter Island, USA},
	Author = {Zumel, N. and Mount, J.},
	Date-Added = {2017-10-12 01:37:20 +0000},
	Date-Modified = {2017-10-12 01:37:20 +0000},
	Publisher = {Manning},
	Title = {Practical Data Science with R},
	Year = 2014,
}

@book{daroczi,
	Address = {Birmingham, UK},
	Author = {Daroczi, G.},
	Date-Added = {2017-10-12 01:37:20 +0000},
	Date-Modified = {2017-10-12 01:37:20 +0000},
	Publisher = {Packt Publishing},
	Title = {Mastering Data Science with R},
	Year = 2015,
}

@book{narayanachar,
	Address = {Birmingham, UK},
	Author = {Narayanachar, P.},
	Date-Added = {2017-10-12 01:37:20 +0000},
	Date-Modified = {2017-10-12 01:37:20 +0000},
	Publisher = {Packt Publishing},
	Title = {R Statistical Application Development by Example},
	Year = 2013,
}

@book{viswanathan,
	Address = {Birmingham, UK},
	Author = {Viswanathan, V. and Viswanathan, S.},
	Date-Added = {2017-10-12 01:37:20 +0000},
	Date-Modified = {2017-10-12 01:37:20 +0000},
	Publisher = {Packt Publishing},
	Title = {R Data Analysis Cookbook},
	Year = 2015,
}

@book{datamining,
	Address = {San Francisco, USA},
	Author = {Witten, I. and Frank, E.},
	Date-Added = {2017-10-12 01:37:20 +0000},
	Date-Modified = {2017-10-12 01:37:20 +0000},
	Publisher = {Morgan Kaufmann Publishing},
	Title = {Data Mining Practical Machine Learning Tools and Techniques},
	Year = 2005,
}

@book{ensembleMethods,
	Address = {Boca Raton, USA},
	Author = {Zhi-Hua Zhou},
	Date-Added = {2017-10-12 01:37:20 +0000},
	Date-Modified = {2017-10-12 01:37:20 +0000},
	Publisher = {Chapman and Hall - CRC},
	Title = {Ensemble Methods},
	Year = 2012,
}

@book{ensembleMachineLearning,
	Address = {New York, USA},
	Author = {Zhang, C. and Ma, Y.},
	Date-Added = {2017-10-12 01:37:20 +0000},
	Date-Modified = {2017-10-12 01:37:20 +0000},
	Publisher = {Springer},
	Title = {Ensemble Machine Learning},
	Year = 2012,
}

@book{alpaydin,
	Address = {Massachusetts, USA},
	Author = {Alpaydin, E.},
	Date-Added = {2017-10-12 01:37:20 +0000},
	Date-Modified = {2017-10-12 01:37:20 +0000},
	Publisher = {The MIT Press},
	Title = {Introduction to Machine Learning 2nd Edition},
	Year = 2010,
}

@book{harrington,
	Address = {Shelter Island, USA},
	Author = {Harrington, P.},
	Date-Added = {2017-10-12 01:37:20 +0000},
	Date-Modified = {2017-10-12 01:37:20 +0000},
	Publisher = {Manning Publications},
	Title = {Machine Learning in Action},
	Year = 2012,
}

@book{mitchell,
	Address = {New York, USA},
	Author = {Mitchell, T.},
	Date-Added = {2017-10-12 01:37:20 +0000},
	Date-Modified = {2017-10-12 01:37:20 +0000},
	Publisher = {McGraw Hill},
	Title = {Machine Learning},
	Year = 1997,
}

@book{theElements,
	Address = {Stanford, USA},
	Author = {Trevor Hastie and Robert Tibshirani and Jerome Friedman},
	Date-Added = {2017-10-12 01:37:20 +0000},
	Date-Modified = {2017-10-12 01:37:20 +0000},
	Publisher = {Springer},
	Title = {The Elements of Statistical Learning},
	Year = 1997,
}

@book{yau,
	Address = {Stanford, USA},
	Author = {Chi Yau},
	Date-Added = {2017-11-14 01:37:20 +0000},
	Date-Modified = {2017-11-14 01:37:20 +0000},
	Publisher = {Amazon Digital Services},
	Title = {R Tutorial with Bayesian Statistics Using OpenBUGS},
	Year = 2013,}
    
@article{cafeMain,
	Author = {Dario Echeverri and Lorena Buitrago and Felix Montes and Ingrid Mejia and María del Pilar González},
	Journal = {Revista Colombiana de Cardiología},
	Keywords = {cafe, Colombia},
	Month = {Marzo-Abril},
	Number = {8},
	Pages = {357-365},
	Title = {Café para Cardiólogos},
	Volume = {11},
	Year = {2005},
	}

@article{niquelMain,
	Author = {Jorge Fernando Forero Castañeda and Jorge Hernán Londoño De Los Ríos and Juan José Manrique Galvis and Fredy Wilman Rojas Cruz},
	Journal = {Unidad de Planeación Minero Energético},
	Keywords = {níquel, Colombia},
	Month = {Noviembre},
	Number = {},
	Pages = {5-42},
	Title = {El Níquel En Colombia},
	Volume = {},
	Year = {2009},
}

@article{carbonMain,
	Author = {Alvaro Ponce Muriel and Gloria Patricia Gamba Saavedra and José Vicente Dulce Cabrera and Luz Constanza Fierro Encizo and María Claudia Díaz Orozco and Sergio Alonso Mejía Tobón},
	Journal = {Unidad de Planeación Minero Energético},
	Keywords = {carbon, Colombia},
	Month = {Noviembre},
	Number = {},
	Pages = {1-52},
	Title = {El Carbón Colombiano, Fuente de Energía para el Mundo},
	Volume = {},
	Year = {2005},
}

@misc{arango_2017,
title={La explotación de oro en Colombia, conflicto armado y efectos al medio ambiente},
url={http://blogs.eltiempo.com/biogenic-colombia/2017/04/15/la-explotacion-de-oro-en-colombia-conflicto-armado-y-efectos-al-medio-ambiente/},
journal={El Tiempo},
author={Arango, Adriana},
year={2017}
}

@article{oroMain,
	Author = {Miguel Casallas and Jose Alejandro Martinez},
	Journal = {Ploutos},
	Keywords = {oro, Colombia},
	Month = {Marzo},
	Number = {1},
	Pages = {20-26},
	Title = {El Carbón Colombiano, Fuente de Energía para el Mundo},
	Volume = {5},
	Year = {2015},
}

@article{bananoC,
	Author = {JUAN FELIPE SIERRA SUÁREZ},
	Journal = {El Colombiano},
	Keywords = {banano, Colombia},
	Month = {March},
	Number = {},
	Pages = {19},
	Title = {Producción bananera colombiana apunta a crecer 3,2% este año},
	Volume = {},
	Year = {2017},
}

@misc{bananoFINAGRO,
title={Informacion sobre la Exportación del Banano en Colombia},
url={http://finagro.com.co},
journal={FINAGRO},
author={FINAGRO},
year={2017}
}

@misc{bananoAUGURA,
title={Quienes Somos},
url={http://www.augura.com.co/augura/quienes-somos/},
journal={AUGURA},
author={AUGURA},
year={2018}
}

@phdthesis{cardenasRodriguez,
author = {Luz Marina Cárdenas Poveda and Maria Yamile Rodríguez Espejo},
title = {Estudio de la agroindustria de las flores en Colombia y la creación de una empresa productora de flores},
year = {2011},
school = {Universidad de la Sabana}
}

@article{DzeroskiZenko,
	Author = {Sasso Dzeroski and Bernard Zenko},
	Date-Added = {2018-01-01 01:37:20 +0000},
	Date-Modified = {2018-01-01 01:37:20 +0000},
	Journal = {Machine Learning},
	Pages = {255-273},
	Title = {Is Combining Classifiers with Stacking Better than Selecting the Best One?},
	Volume = {54},
	Year = {2004},
}

@misc{smolyakov,
title={Ensemble Learning to Improve Machine Learning Results},
note={https://blog.statsbot.co/ensemble-learning-d1dcd548e936},
journal={Statsbot},
author={Vadim Smolyakov},
year={2017},
month={August},
}

@article{dupontPlummer,
	Author = {William Dupont and Walton Plummer},
	Date-Added = {2018-01-01 01:37:20 +0000},
	Date-Modified = {2018-01-01 01:37:20 +0000},
	Journal = {Controlled Clinical Trials},
	Pages = {589-601},
	Title = {Power and Sample Size Calculations for Studies Involving Linear Regression},
	Volume = {19},
	Year = {1998},
}

@article{wolpert,
	Author = {David Wolpert},
	Date-Added = {2018-01-01 01:37:20 +0000},
	Date-Modified = {2018-01-01 01:37:20 +0000},
	Journal = {Complex  Systems  Group,  Theoretical  Division,  and  Center  for  Non-linear  Studies},
	Pages = {1-57},
	Title = {STACKED GENERALIZATION},
	Year = {1992},
}

@article{tingwitten,
	Author = {Kai Ting and Ian Witten},
	Journal = {Journal of Artificial Intelligence Research},
	Pages = {271-289},
	Title = {Issues in Stacked Generalization},
	Volume = {10},
	Year = {1999},
}

@article{cleveland,
	Author = {William Cleveland},
	Journal = {Revue Internationale de Statistique},
	Pages = {21-26},
	Title = {Data Science: an action plan for expanding the technical areas of the field of statistics},
	Volume = {1},
	Year = {2001},
}

@misc{CODATA,
  title={International Council for Science : Committee on Data for
  Science and Technology},
  note={http://www.codata.org/},
  journal={Committee on Data for Science and Technology},
  author={CODATA},
  year={2012},
  month={April}
}

@phdthesis{fry,
	author={Benjamin Jotham Fry},
	title={Computational Information Design},
	school={Carnegie Mellon University},
	year={2000},
    month={April},
}

@misc{wikipediaDS,
  title={Data Science},
  note={https://en.wikipedia.org/wiki/Datascience/},
  journal={Wikipedia},
  author={Wikipedia},
  year={2018},
  month={April},}

@book{pengMatsui,
	Address = {Maryland, USA},
	Author = {Roger Peng and Elizabeth Matsui},
	Publisher = {LeanPub Publishers},
	Title = {The Art of Data Science},
	Year = 2017,}

@misc{srivastava,
  title={A Complete Tutorial on Time Series Modeling in R},
  note={https://www.analyticsvidhya.com/blog/2015/12/complete-tutorial-time-series-modeling/},
  journal={Analytics Vidhya},
  author={Tavish Srivastava},
  year={2015},
  month={December},
  day={16}}
  
@misc{guiaAcademicaDAG,
  title={Guía Académica para la Estructura Final de la Tesis Doctoral},
  author={Dirección Académica del Doctorado en Administración Gerencial},
  year={2018},
  month={April},
  day={}}
  
@book{robertson,
	Address = {Cambridge, UK},
	Author = {Dennis Robertson},
	Date-Added = {2017-10-12 01:37:20 +0000},
	Date-Modified = {2017-10-12 01:37:20 +0000},
	Publisher = {Cambridge Economics Handbook},
	Title = {Money},
	Year = 1922,
}

@book{leek,
	Address = {Baltimore, USA},
	Author = {Jeffrey Leek},
	Publisher = {Leanpub Publishers},
	Title = {The Elements of Data Analytic Style},
	Year = 2015,
}

@article{huertas,
	Author = {David Huertas},
	Journal = {La Cinta de Moebio},
	Pages = {1-19},
	Title = {La Formulación de la Hipótesis},
	Volume = {15},
	Year = {2002},
}

@book{mendehall,
	Address = {Ciudad de México, México},
	Author = {William Mendehall and Robert Beaver and Barbara Beaver},
	Publisher = {CENGAGE Publishing},
	Title = {Introducción a la Probabilidad y Estadística},
	Year = 2010,
}

@book{estadisticaBasica,
	Address = {Madrid, España},
	Author = {Javier Gorgas García and Nicolás Cardiel López and Jaime Zamorano Calvo},
	Date-Added = {2018-09-07 02:11:09 +0000},
	Date-Modified = {2018-09-07 02:13:04 +0000},
	Publisher = {Universidad Complutense de Madrid},
	Title = {Estadística Básica para Estudiantes de Ciencias},
	Year = {2011},
}

@article{modelandoIntervenciones,
	Author = {Mauricio Lopera Castaño and Ramón Javier Mesa Callejas and Sergio Iván Restrepo Ochoa and Charle Augusto Londoño Henao},
	Journal = {Cuadernos de Economia},
	Pages = {310-338},
	Title = {Modelando el Esquema de Intervenciones del Tipo de Cambio para Colombia},
	Volume = {32},
	Year = 2013,
}

@article{scarpinSteiner,
	Author = {Cassius Tadeu Scarpin and Maria Teresinha Arms Steiner},
	Journal = {Pesquisa Operacional},
	Pages = {351-371},
	Title = {Proposal for a Strategic Planning for the Replacement of Products in Stores Based on Sales Forecast},
	Volume = {31},
	Year = 2011,
}

@article{wangXu,
	Author = {Wen Jiew Wand and Q Xu},
	Journal = {Journal of Applied Research and Technology},
	Pages = {315-324},
	Title = {A Bayesian Combination Forecasting Model for Retail Supply Chain Coordination},
	Volume = {12},
	Year = 2014,
}

@article{townsend,
author = {Townsend, James},
year = {1971},
month = {01},
pages = {40-50},
title = {Theoretical analysis of an alphabet confusion matrix},
volume = {9},
booktitle = {Perception & Psychophysics}
}

@misc{techdirt,
  title={Why Netflix Never Implemented The Algorithm That Won The Netflix \$1 Million Challenge},
  note={https://www.techdirt.com/articles/20120409/03412518422/why-netflix-never-implemented-algorithm-that-won-netflix-1-million-challenge.shtml/},
  journal={Techdirt},
  author={Mike Masnick},
  year={2012},
  month={April},
  day={13}
  }
  
  @misc{caret,
  title={The CARET Package},
  note={http://topepo.github.io/caret/index.html/},
  journal={Github},
  author={Max Kuhn},
  year={2018},
  month={May},
  day={26}
  }